@article{colmenares_2011,
 ISSN = {01489267, 15315169},
 URL = {http://www.jstor.org/stable/41241707},
 author = {Gustavo Colmenares and René Escalante and Juan F. Sans and Rina Surós},
 journal = {Computer Music Journal},
 number = {1},
 pages = {58--75},
 publisher = {The MIT Press},
 title = {Computational Modeling of Reproducing-Piano Rolls},
 urldate = {2022-07-13},
 volume = {35},
 year = {2011}
}

@inproceedings{shi_2019,
  title={SUPRA: Digitizing the Stanford University Piano Roll Archive.},
  author={Shi, Zhengshan and Sapp, Craig and Arul, Kumaran and McBride, Jerry and Smith III, Julius O},
  booktitle={ISMIR},
  pages={517--523},
  year={2019}
}

@inproceedings{key,
  author          = {Peter Broadwell and Kumaran Arul and Nathan Coy},
  booktitle       = {Pianolatron – A Virtual Roll Player for Digitized Rolls},
  editor          = {},
  title           = {},
  year            = {}
}

@unpublished{broadwell_2022,
  author = {Peter Broadwell and Kumaran Arul and Nathan Coy},
  note   = {Paper Presentation},
  title  = {Pianolatron – A Virtual Roll Player for Digitized Rolls},
  year   = {2022},
  annote = {2nd Global Piano Roll Meeting, Bern, Schweitz.}
}