@online{asur-homepage,
  author = {Freeman},
  title = {Homepage},
  year = 2021,
  url = {http://alles-schallundrauch.blogspot.com/},
  urldate = {2021-05-23}
}


@online{psiram-asur,
  title = {Alles Schall und Rauch},
  organization = {Psiram},
  year = 2020,
  url = {https://www.psiram.com/de/index.php/Alles_Schall_und_Rauch},
  urldate = {2021-05-23}
}

@online{vice-asur,
  author = {Anonymous},
  title = {Mein Vater ist der Verschwörungstheoretiker hinter "Alles Schall und Rauch"},
  organization = {Vice},
  year = 2020,
  url = {https://www.vice.com/de/article/gyx8aq/mein-vater-der-bekannte-verschwoerungstheoretiker},
  urldate = {2021-05-23}
}

@online{psiram-conrebbi,
  title = {Conrebbi},
  organization = {Psiram},
  year = 2020,
  url = {https://www.psiram.com/de/index.php/Conrebbi},
  urldate = {2021-05-23}
}

@online{dprang-klima,
  title = {Verbal-Fäkalien: Das Treibhausgas},
  organization = {Deutschland - Pranger},
  year = 2018,
  url = {http://deutschland-pranger.de/b2evolution/index.php/treibhauseffekt-jpg},
  urldate = {2021-05-23}
}

@online{dprang-agb,
  title = {Blog AGB´s},
  organization = {Deutschland - Pranger},
  year = 2016,
  url = {http://deutschland-pranger.de/b2evolution/index.php/ueber-diese-seite},
  urldate = {2021-05-23}
}

@online{psiram-recentr,
  title = {Recentr},
  organization = {Psiram},
  year = 2020,
  url = {https://www.psiram.com/de/index.php?title=Recentr},
  urldate = {2021-05-23}
}


@online{psiram-watergate,
  title = {Watergate TV},
  organization = {Psiram},
  year = 2021,
  url = {https://www.psiram.com/de/index.php/Watergate_TV},
  urldate = {2021-05-23}
}

@online{recentr-population,
  title = {Bevölkerungsreduktion wird schrittweise, mit fast ausschließlich legalen Mitteln betrieben, anders als viele sich das vorstellen},
  author = {Alexeander Benesch},
  organization = {Recentr},
  year = 2021,
  url = {http://recentr.com/2021/05/10/bevoelkerungsreduktion-wird-schrittweise-mit-fast-ausschliesslich-legalen-mitteln-betrieben-anders-als-viele-sich-das-vorstellen/},
  urldate = {2021-05-23}
}

@online{recentr-jones,
  title = {Alex Jones: Internierungslager und REX-84 sind jetzt die Rettung Amerikas},
  author = {Alexeander Benesch},
  organization = {Recentr},
  year = 2018,
  url = {http://recentr.com/2018/06/26/alex-jones-internierungslager-und-rex-84-sind-jetzt-die-rettung-amerikas/},
  urldate = {2021-05-23}
}

@online{recentr-afd,
  title = {Ist die AfD eine britische Schöpfung?},
  author = {Alexeander Benesch},
  organization = {Recentr},
  year = 2021,
  url = {http://recentr.com/2021/06/29/ist-die-afd-eine-britische-schoepfung/},
  urldate = {2021-05-23}
}

@online{watergate-bilderberger,
  title = {+++ Schulz tritt sofort zurück – Bilderberger Scholz gibt jetzt den Ton an +++ },
  author = {{Watergate Redaktion}},
  organization = {Watergate.tv},
  year = 2018,
  url = {https://wg.neopresse.com/schulz-tritt-sofort-zurueck-bilderberger-scholz-gibt-jetzt-den-ton-an/},
  urldate = {2021-05-23}
}

@online{spiegel-watergate,
  title = {ZDF bestätigt Trennung von Hans Meiser},
  organization = {Spiegel Online},
  year = 2017,
  url = {https://www.spiegel.de/kultur/tv/jan-boehmermann-neo-magazin-royale-kuenftig-ohne-hans-meiser-a-1148048.html},
  urldate = {2021-05-23}
}

